% Websites
@misc{latex_tutorial,
    author    = "Derek Banas",
    title     = "LaTeX Tutorial",
    url       = "www.newthinktank.com/2019/01/latex-tutorial",
    note      = "[Online; acedido a 29-setembro-2020]"
}

@misc{overleaf,
    author    = "Overleaf",
    title     = "Overleaf: LaTeX, Evolved",
    url       = "https://www.overleaf.com",
    note      = "[Online; acedido a 23-setembro-2020]"
}

@misc{dickmaw_books,
    author    = "Magdalene Pritchett",
    title     = "Dickimaw Books",
    url       = "https://www.dickimaw-books.com/gallery/glossaries-styles",
    note      = "[Online; acedido a 11-outubro-2020]"
}

@misc{wikipedia,
    author    = "Wikipedia",
    title     = "Wikipedia",
    url       = "https://www.wikipedia.org",
    note      = "[Online; acedido a 14-outubro-2020]"
}

@misc{wikipedia_times_series,
    author    = "Wikipedia",
    title     = "Time Series",
    url       = "https://en.wikipedia.org/wiki/Time_series",
    note      = "[Online; acedido a 2-outubro-2020]"
}

@misc{introducao_series_temporais,
    author    = "Prof. Victor Hugo Lachos Davila",
    title     = "Introdução às Séries Temporais",
    url       = "https://www.ime.unicamp.br/~hlachos/MaterialSeries.pdf",
    note      = "[Online; acedido a 13-outubro-2020]"
}

@misc{encapsulation_paul_rogers,
    author    = "Wm. Paul Rogers",
    title     = "Encapsulation is not information hiding",
    url       = "https://www.infoworld.com/article/2075271/encapsulation-is-not-information-hiding.html",
    note      = "[Online; acedido a 13-outubro-2020]"
}

@misc{data_abstraction_existentials,
    author    = "Pierce 2002",
    title     = "24.2 Data Abstraction with Existentials",
    url       = "https://flylib.com/books/en/4.279.1.166/1",
    note      = "[Online; acedido a 12-outubro-2020]"
}

@misc{api,
    author    = "Denis Howe 1985",
    title     = "Application Program Interface",
    url       = "https://foldoc.org/Application+Program+Interface",
    note      = "[Online; acedido a 15-outubro-2020]"
}

@misc{ide_paper,
    author    = "Alexandro Klein dos Santos",
    title     = "Os IDE’s (Ambientes de Desenvolvimento Integrado) como ferramentas de trabalho em informatica",
    url       = "http://www-usr.inf.ufsm.br/~alexks/elc1020/artigo-elc1020-alexks.pdf",
    note      = "[Online; acedido a 14-outubro-2020]"
}

@misc{ide_site,
    author    = "Eduardo Casavella",
    title     = "Ambientes Integrados de Desenvolvimento em Linguagem C",
    url       = "http://linguagemc.com.br/ambientes-integrados-de-desenvolvimento-em-linguagem-c/",
    note      = "[Online; acedido a 14-outubro-2020]"
}

@misc{sarima_eq,
    author    = "Stack Exchange",
    title     = "SARIMA model equation",
    url       = "https://stats.stackexchange.com/questions/129901/sarima-model-equation",
    note      = "[Online; acedido a 13-outubro-2020]"
}

@misc{sarima_site,
    author    = "Jason Brownlee",
    title     = "A Gentle Introduction to SARIMA for Time Series Forecasting in Python",
    url       = "https://machinelearningmastery.com/sarima-for-time-series-forecasting-in-python",
    note      = "[Online; acedido a 13-outubro-2020]"
}

@misc{arima_wiki,
    author    = "Wikipedia",
    title     = "ARIMA",
    url       = "https://pt.wikipedia.org/wiki/ARIMA",
    note      = "[Online; acedido a 15-outubro-2020]"
}

@misc{timeseries_comp,
    author    = "toppr",
    title     = "Components of Time Series",
    url       = "https://www.toppr.com/guides/business-mathematics-and-statistics/time-series-analysis/components-of-time-series",
    note      = "[Online; acedido a 15-outubro-2020]"
}

@misc{arimax_forecast,
    author    = "ElegantJBI",
    title     = "What is ARIMAX Forecasting and How is it Used for Enterprise Analysis?",
    url       = "https://www.elegantjbi.com/blog/what-is-arimax-forecasting-and-how-is-it-used-for-enterprise-analysis.htm",
    note      = "[Online; acedido a 15-outubro-2020]"
}

@misc{univariate_multivariate,
    author    = "Elsevier",
    title     = "A comparison of multivariate and univariate time series approaches to modelling and forecasting emergency department demand in Western Australia",
    url       = "https://www.sciencedirect.com/science/article/pii/S153204641500132X",
    note      = "[Online; acedido a 10-outubro-2020]"
}

@misc{timeseries_forecast,
    author    = "Jason Brownlee",
    title     = "What Is Time Series Forecasting?",
    url       = "https://machinelearningmastery.com/time-series-forecasting/",
    note      = "[Online; acedido a 23-setembro-2020]"
}

@misc{arima_forecast_python,
    author    = "Jason Brownlee",
    title     = "How to Create an ARIMA Model for Time Series Forecasting in Python",
    url       = "https://machinelearningmastery.com/arima-for-time-series-forecasting-with-python/",
    note      = "[Online; acedido a 23-setembro-2020]"
}

@misc{grid_search,
    author    = "Evan Lutins",
    title     = "Grid Searching in Machine Learning: Quick Explanation and Python Implementation",
    url       = "https://medium.com/@elutins/grid-searching-in-machine-learning-quick-explanation-and-python-implementation-550552200596",
    note      = "[Online; acedido a 12-outubro-2020]"
}

@misc{sarimax,
    author    = "Selva Prabhakaran",
    title     = "ARIMA Model – Complete Guide to Time Series Forecasting in Python",
    url       = "https://www.machinelearningplus.com/time-series/arima-model-time-series-forecasting-python/",
    note      = "[Online; acedido a 15-outubro-2020]"
}

@misc{data_visualization,
    author    = "Jason Brownlee",
    title     = "Time Series Data Visualization with Python",
    url       = "https://machinelearningmastery.com/time-series-data-visualization-with-python/",
    note      = "[Online; acedido a 1-outubro-2020]"
}


% Books
@book{econometric_analysis,
    author    = "William H. Greene",
    title     = "Econometric Analysis",
    year      = "1997",
    publisher = "Prentice Hall"
}

@book{numerical_methods,
    author    = "John R. Hauser",
    title     = "Numerical Methods for Nonlinear Engineering Models",
    year      = "2009",
    publisher = "Springer"
}

@book{introducao_data_science,
    author    = "Tatiana Escovedo and Adriano Koshiyama",
    title     = "Introdução a Data Science: Algoritmos de Machine Learning e métodos de análise",
    year      = "2020",
    publisher = "Casa do Código"
}

@book{introduction_data_science,
    author    = "Jeffrey S. Saltz and Jeffrey M. Stanton",
    title     = "An Introduction to Data Science",
    year      = "2017",
    publisher = "Singapore"
}

@book{introduction_machine_learning,
    author    = "Ethem Alpaydin",
    title     = "Introduction to Machine Learning",
    year      = "2004",
    publisher = "Massachusetts Institute of Technology"
}

@book{introduction_deep_learning,
    author    = "Ian Goodfellow and Yoshua Bengio and Aaron Courville",
    title     = "Deep Learning",
    year      = "2016",
    publisher = "Massachusetts Institute of Technology"
}

@book{timeseries_analysis_book,
    author    = "George E. P. Box and Gwilym M. Jenkins and Gregory C. Reinsel and Greta M. Ljung",
    title     = "Time Series Analysis: Forecasting and Control",
    year      = "2015",
    publisher = "Wiley"
}

@book{introduction_timeseries_book,
    author    = "Peter J. Brockwell and Richard A. Davis",
    title     = "Introduction to Time Series and Forecasting",
    year      = "2006",
    publisher = "Springer"
}
